@article{Bayoumi-2020,
  doi = {},
  url = {},
  year = {2020},
  month = sep,
  publisher = {},
  volume = {},
  number = {},
  pages = {},
  author = {Mariam Bayoumi and Stefanos K. Nomidis and Kherim Willems and Enrico Carlon and Giovanni Maglia},
  title = {{A}ctive {DNA} transport operated by an entropic piston},
  journal = {Submitted to Nano Lett.}
}

@article{Willems-2020,
  doi = {10.1039/d0nr03114c},
  url = {https://doi.org/10.1039/d0nr03114c},
  year = {2020},
  publisher = {Royal Society of Chemistry ({RSC})},
  volume = {12},
  number = {32},
  pages = {16775--16795},
  author = {Kherim Willems and Dino Rui{\'{c}} and Florian L. R. Lucas and Ujjal Barman and Niels Verellen and Johan Hofkens and Giovanni Maglia and Pol Van Dorpe},
  title = {{A}ccurate modeling of a biological nanopore with an extended continuum framework},
  journal = {Nanoscale},
  keywords = {myPapers}
}

@article{Huang-2020,
  doi = {10.1021/acs.nanolett.0c00877},
  url = {https://doi.org/10.1021/acs.nanolett.0c00877},
  year = {2020},
  month = apr,
  publisher = {American Chemical Society ({ACS})},
  volume = {20},
  number = {5},
  pages = {3819--3827},
  author = {Gang Huang and Kherim Willems and Mart Bartelds and Pol van Dorpe and Misha Soskine and Giovanni Maglia},
  title = {{E}lectro-{O}smotic {V}ortices {P}romote the {C}apture of {F}olded {P}roteins by {PlyAB} {N}anopores},
  journal = {Nano Lett.}
}

@article{Willems-Ruic-Biesemans-2019,
  doi = {10.1021/acsnano.8b09137},
  url = {https://doi.org/10.1021/acsnano.8b09137},
  year = {2019},
  month = aug,
  publisher = {American Chemical Society ({ACS})},
  volume = {13},
  number = {9},
  pages = {9980--9992},
  author = {Kherim Willems and Dino Rui{\'{c}} and Annemie Biesemans and Nicole St{\'{e}}phanie Galenkamp and Pol Van Dorpe and Giovanni Maglia},
  title = {{E}ngineering and {M}odeling the {E}lectrophoretic {T}rapping of a {S}ingle {P}rotein {I}nside a {N}anopore},
  journal = {{ACS} Nano}
}

@article{Vereecke-2018,
  doi = {10.1016/j.mee.2018.09.004},
  url = {https://doi.org/10.1016/j.mee.2018.09.004},
  year = {2018},
  month = nov,
  publisher = {Elsevier {BV}},
  volume = {200},
  pages = {56--61},
  author = {Guy Vereecke and Hanne De Coster and Senne Van Alphen and Patrick Carolan and Hugo Bender and Kherim Willems and Lars-{\AA}ke Ragnarsson and Pol Van Dorpe and Naoto Horiguchi and Frank Holsteyns},
  title = {{W}et etching of {TiN} in {1-D} and {2-D} confined nano-spaces of {FinFET} transistors},
  journal = {Microelectron. Eng.}
}


@article{Chen-2018,
  doi = {10.1038/s41467-018-04118-7},
  url = {https://doi.org/10.1038/s41467-018-04118-7},
  year = {2018},
  month = apr,
  publisher = {Springer Science and Business Media {LLC}},
  volume = {9},
  number = {1},
  author = {Chang Chen and Yi Li and Sarp Kerman and Pieter Neutens and Kherim Willems and Sven Cornelissen and Liesbet Lagae and Tim Stakenborg and Pol Van Dorpe},
  title = {{H}igh {S}patial {R}esolution {N}anoslit {SERS} for {S}ingle-{M}olecule {N}ucleobase {S}ensing},
  journal = {Nat. Commun.}
}

@article{Huang-2017,
  doi = {10.1038/s41467-017-01006-4},
  url = {https://doi.org/10.1038/s41467-017-01006-4},
  year = {2017},
  month = oct,
  publisher = {Springer Science and Business Media {LLC}},
  volume = {8},
  number = {1},
  author = {Gang Huang and Kherim Willems and Misha Soskine and Carsten Wloka and Giovanni Maglia},
  title = {{E}lectro-osmotic capture and ionic discrimination of peptide and protein biomarkers with {FraC} nanopores},
  journal = {Nat. Commun.}
}

@article{Willems-VanMeervelt-2017,
  doi = {10.1098/rstb.2016.0230},
  url = {https://doi.org/10.1098/rstb.2016.0230},
  year = {2017},
  month = jun,
  publisher = {The Royal Society},
  volume = {372},
  number = {1726},
  pages = {20160230},
  author = {Kherim Willems and Veerle Van Meervelt and Carsten Wloka and Giovanni Maglia},
  title = {{S}ingle-{M}olecule {N}anopore {E}nzymology},
  journal = {Philos. Trans. Royal Soc. B}
}

@article{Li-2017,
  doi = {10.1002/adom.201600907},
  url = {https://doi.org/10.1002/adom.201600907},
  year = {2017},
  month = feb,
  publisher = {Wiley},
  volume = {5},
  number = {15},
  pages = {1600907},
  author = {Yi Li and Chang Chen and Kherim Willems and Sarp Kerman and Liesbet Lagae and Guido Groeseneken and Tim Stakenborg and Pol Van Dorpe},
  title = {{P}robing {L}ocal {P}otentials inside {M}etallic {N}anopores with {SERS} and {B}ipolar {E}lectrochemistry},
  journal = {Adv. Opt. Mater.}
}

@article{Franceschini-2016,
  doi = {10.1021/acsnano.6b03159},
  url = {https://doi.org/10.1021/acsnano.6b03159},
  year = {2016},
  month = aug,
  publisher = {American Chemical Society ({ACS})},
  volume = {10},
  number = {9},
  pages = {8394--8402},
  author = {Lorenzo Franceschini and Tine Brouns and Kherim Willems and Enrico Carlon and Giovanni Maglia},
  title = {{DNA} {T}ranslocation {T}hrough {N}anopores at {P}hysiological {I}onic {S}trengths {R}equires {P}recise {N}anoscale {E}ngineering},
  journal = {{ACS} Nano}
}

@article{Li-2016,
  doi = {10.1039/c6nr01837h},
  url = {https://doi.org/10.1039/c6nr01837h},
  year = {2016},
  publisher = {Royal Society of Chemistry ({RSC})},
  volume = {8},
  number = {24},
  pages = {12324--12329},
  author = {Yi Li and Chang Chen and Kherim Willems and Liesbet Lagae and Guido Groeseneken and Tim Stakenborg and Pol Van Dorpe},
  title = {{A}symmetric plasmonic induced ionic noise in metallic nanopores},
  journal = {Nanoscale}
}

% Conferences



@inproceedings{Willems-2020-CP,
  doi = {10.1016/j.bpj.2019.11.1723},
  url = {https://doi.org/10.1016/j.bpj.2019.11.1723},
  year = {2020},
  month = feb,
  publisher = {Elsevier {BV}},
  volume = {118},
  number = {3},
  pages = {305a},
  author = {Kherim Willems and Dino Rui{\'{c}} and Annemie Biesemans and Nicole Galenkamp and Pol Van Dorpe and Giovanni Maglia},
  title = {Electrophoretic Trapping of a Single Protein Inside a Nanopore},
  journal = {Biophys. J.},
  note = {Poster}
}

@conference{Willems-2017-CP,
  year = {2017},
  title = {Numerical modelling of single-protein trapping inside a biological nanopore},
  author = {Willems, Kherim and Biesemans, Annemie and Van Meervelt, Veerle and Carlon, Enrico and Van Dorpe, Pol and Maglia, Giovanni},
  booktitle = {{WE}-{H}eraeus {S}eminar: {T}ransport {M}echanisms in {B}iological and {S}ynthetic {N}anopores and {\textendash}{C}hannels},
  note = {Presentation, Date: 2017/07/16 - 2017/07/21, Location: Bremen Germany}
}

@conference{Vereecke-2016-CP,
  year = {2016},
  title = {Kinetics of chemical etching in nano-confined volumes},
  author = {Vereecke, Guy and De Coster, Hanne and Carolan, Patrick and Bender, Hugo and Willems, Kherim and Ragnarsson, Lars-Ake and Van Dorpe, Pol and Horiguchi, Naoto and Holsteyns, Frank},
  booktitle = {30th Conference of the European Colloid and Interface Society - ECIS},
  note = {Presentation, Date: 2016/01/01 - 2016/01/09, Location: Rome Italy}
}


@inproceedings{Dubey-2016-CF,
  doi = {10.1109/estc.2016.7764501},
  url = {https://doi.org/10.1109/estc.2016.7764501},
  year = {2016},
  month = sep,
  publisher = {{IEEE}},
  author = {Vikas Dubey and Jaber Derakhshandeh and John M. O{\textquotesingle}Callaghan and Kherim Willems and Kenneth June Rebibis and Andy Miller and Gerald Beyer and Ingrid De Wolf and Eric Beyne},
  title = {Liquid mediated direct bonding and bond propagation},
  booktitle = {2016 6th Electronic System-Integration Technology Conference ({ESTC})}
}

@inproceedings{Li-2016-CF,
  doi = {10.1117/12.2225173},
  url = {https://doi.org/10.1117/12.2225173},
  year = {2016},
  month = jul,
  publisher = {{SPIE}},
  author = {Jiaqi Li and Niels Verellen and Stef Boeckx and Dries Vercruysse and Kherim Willems and Pieter Neutens and Twan Bearda and Chang Chen and Liesbet Lagae and Pol Van Dorpe},
  editor = {David L. Andrews and Jean-Michel Nunzi and Andreas Ostendorf},
  title = {{A}ll-dielectric nanoantennas for wavelength-controlled directional scattering of visible light
		(Conference Presentation)},
  booktitle = {Nanophotonics {VI}}
}

@inproceedings{Li-2015-CF,
  journal = {59th Biophysical Society Annual Meeting},
  year = {2015},
  title = {Plasmonic-fluidic hybrid nanopores},
  language = {eng},
  author = {Li, Yi and Chen, Chang and Jonsson, Magnus and Nicoli, Francesca and Willems, Kherim and Kerman, Sarp and Lagae, Liesbet and Groeseneken, Guido and Stakenborg, Tim and Zandbergen, Henny and Dekker, Cees and Van Dorpe, Pol},
}

